<record><leader>00000cas a22000007a 4500</leader><controlfield tag="001">14758580</controlfield><controlfield tag="008">861117d19141920paudn ne      0    0eng d</controlfield><datafield ind1=" " ind2=" " tag="010"><subfield code="a">sn 87078417 </subfield></datafield><datafield ind1=" " ind2=" " tag="040"><subfield code="a">NPH</subfield><subfield code="b">eng</subfield><subfield code="c">NPH</subfield><subfield code="d">OCLCQ</subfield></datafield><datafield ind1=" " ind2=" " tag="042"><subfield code="a">msc</subfield></datafield><datafield ind1="0" ind2=" " tag="130"><subfield code="a">Bristol daily courier (Bristol, Pa. : 1914)</subfield></datafield><datafield ind1="1" ind2="0" tag="245"><subfield code="a">Bristol daily courier.</subfield></datafield><datafield ind1="1" ind2="7" tag="246"><subfield code="a">Bristol courier</subfield></datafield><datafield ind1=" " ind2=" " tag="260"><subfield code="a">Bristol, Pa. :</subfield><subfield code="b">Bristol Print. Co.,</subfield><subfield code="c">-1920.</subfield></datafield><datafield ind1=" " ind2=" " tag="300"><subfield code="a">v. :</subfield><subfield code="b">ill.</subfield></datafield><datafield ind1=" " ind2=" " tag="310"><subfield code="a">Daily (except Sun., Christmas &amp; July 4)</subfield></datafield><datafield ind1="1" ind2=" " tag="362"><subfield code="a">Began in 1914.</subfield></datafield><datafield ind1="0" ind2=" " tag="362"><subfield code="a">-v. 14, no. 224 (Feb. 26, 1920).</subfield></datafield><datafield ind1=" " ind2=" " tag="588"><subfield code="a">Description based on: Vol. 8, no. 13 (Sept. 12, 1914).</subfield></datafield><datafield ind1=" " ind2=" " tag="752"><subfield code="a">United States</subfield><subfield code="b">Pennsylvania</subfield><subfield code="c">Bucks</subfield><subfield code="d">Bristol.</subfield></datafield><datafield ind1="0" ind2="0" tag="780"><subfield code="t">Daily courier (Bristol, Pa.)</subfield><subfield code="w">(DLC)sn 89077545</subfield></datafield><datafield ind1="0" ind2="0" tag="785"><subfield code="t">Bristol courier (Bristol, Pa.)</subfield><subfield code="w">(DLC)sn 89077546</subfield></datafield></record>